% This is an example of a journal article. We use the variable defined at the
% top here - by typing aij, we get Artificial Intelligence journal title 
% without having to type it out
@article{KeironsPaper,
 author={Keiron O'Shea, Ryan Nash},
 title={An Introduction to Convolutional Neural Networks},
 year=2015,
 journal={arXivaij}, 
 volume={1511.08458}, 
  annote={Helpful primer into convolutional neural networks}
}

% This is an example of a URL reference
% Note you should try to identify authorship of web resources
% Also note you should include the date you last accessed the page.
@MISC{TensorFlow,
author = {Various},
title = {Tensor Flow},
month = Feb,
year = {2016},
howpublished={\url{https://www.tensorflow.org/}},
note={Accessed February 2016},
annote={Site for Google's Tensor Flow machine learning framework}
}
